@book{thompson2011haskell,
  title={Haskell: the craft of functional programming},
  author={Thompson, Simon},
  volume={2},
  year={2011},
  publisher={Addison-Wesley}
}
@book{hudak2000haskell,
  title={The Haskell school of expression: learning functional programming through multimedia},
  author={Hudak, Paul},
  year={2000},
  publisher={Cambridge University Press}
}

@book{richard1998bird,
  title={Bird. Introduction to Functional Programming Using Haskell},
  author={Bird, Richard},
  year={1998},
  publisher={Prentice-Hall}
}    

@article{swaine2008s,
  title={It's time to get good at functional programming},
  author={Swaine, Michael},
  journal={Dr. Dobbs Journal (December 2008), http://www. drdobbs. com},
  year={2008}
}

@article{jones2000composing,
  title={Composing contracts: an adventure in financial engineering(functional pearl)},
  author={Jones, Simon Peyton and Eber, Jean-Marc and Seward, Julian},
  journal={ACM SIGPLAN NOTICES},
  volume={35},
  number={9},
  pages={280--292},
  year={2000},
  publisher={ACM; 1999}
}