@BOOK{1,
AUTHOR =       {Dirk van Dalen},
TITLE =        {Logic and Structure},
PUBLISHER =    {Springer},
YEAR =         {2004},
volume =       {4},
}
@BOOK{Model,
AUTHOR =       {Wilfrid Hodges},
TITLE =        {A Shorter Model Theory},
PUBLISHER =    {Cambridge University Press},
YEAR =         {1997},
volume =   		{1},
}
@BOOK{Language,
AUTHOR =       { Jon Barwise and John Etchemendy},
TITLE =        { Language, Proof and Logic},
PUBLISHER =    {Seven Bridges Press},
YEAR =         {2000},
volume =   		{1},
}
@BOOK{Perfil_Curricular,
	AUTHOR = {Universidade Federal de Pernambuco},
	TITLE= {Perfil Curricular CIÊNCIA DA COMPUTAÇÃO},
    YEAR = {2002},
    PUBLISHER = { Universidade Federal de Pernambuco}
}